<?xml version="1.0" encoding="utf-8"?>
<record xmlns="http://www.loc.gov/MARC21/slim" xmlns:xsi="http://www.w3.org/2001/XMLSchema-instance" xsi:schemaLocation="http://www.loc.gov/MARC21/slim http://www.loc.gov/standards/marcxml/schema/MARC21slim.xsd">
	<leader>     nam a22        4500</leader>
	<controlfield tag="001">2958176</controlfield>
	<controlfield tag="003">NNC</controlfield>
	<controlfield tag="006">m        d        </controlfield>
	<controlfield tag="007">cr cn |||m|||a</controlfield>
	<controlfield tag="008">160519s1906    ua      ob    000 0 araod</controlfield>
	<datafield ind1=" " ind2=" " tag="040">
		<subfield code="a">NNU</subfield>
		<subfield code="b">eng</subfield>
		<subfield code="e">rda</subfield>
		<subfield code="c">NNU</subfield>
	</datafield>
	<datafield ind1=" " ind2=" " tag="043">
		<subfield code="a">f-mr---</subfield>
	</datafield>
	<datafield ind1=" " ind2=" " tag="090">
		<subfield code="a">BP189.2</subfield>
		<subfield code="b">.B352</subfield>
	</datafield>
	<datafield ind1="1" ind2=" " tag="100">
		<subfield code="6">880-01</subfield>
		<subfield code="a">Bannānī, Fatḥ Allāh ibn Abī Bakr,</subfield>
		<subfield code="d">1864 or 1865-1934 or 1935.</subfield>
	</datafield>
	<datafield ind1="1" ind2="0" tag="240">
		<subfield code="6">880-02</subfield>
		<subfield code="a">Tuḥfat ahl al-futūḥāt wa-al-adhwāq fī ittikhādh al-subḥah wa-jaʻlihā fī al-aʻnāq</subfield>
	</datafield>
	<datafield ind1="1" ind2="0" tag="245">
		<subfield code="6">880-03</subfield>
		<subfield code="a">Kitāb Tuḥfat ahl al-futūḥāt wa-al-adhwāq fī ittikhādh al-subḥah wa-jaʻlihā fī al-aʻnāq wa-baʻḍ al-ādāb al-lāʼiqah bi-al-mukrramīn bi-ṣuḥbat ahl ḥaḍrat al-iṭlāq bi-faḍl al-karīm al-khallāq /</subfield>
		<subfield code="c">lil-Shaykh Fatḥ Allāh ibn al-Shaykh Sayyidī Abī Bakr al-Bannānī.</subfield>
	</datafield>
	<datafield ind1=" " ind2=" " tag="260">
		<subfield code="6">880-04</subfield>
		<subfield code="a">Miṣr :</subfield>
		<subfield code="b">Maṭbaʻat al-Taqaddum,</subfield>
		<subfield code="c">1324 [1906]</subfield>
	</datafield>
	<datafield ind1=" " ind2=" " tag="300">
		<subfield code="a">online resource (156 pages)</subfield>
	</datafield>
	<datafield ind1=" " ind2=" " tag="336">
		<subfield code="a">text</subfield>
		<subfield code="2">rdacontent</subfield>
	</datafield>
	<datafield ind1=" " ind2=" " tag="337">
		<subfield code="a">computer</subfield>
		<subfield code="2">rdamedia</subfield>
	</datafield>
	<datafield ind1=" " ind2=" " tag="338">
		<subfield code="a">online resource</subfield>
		<subfield code="2">rdacarrier</subfield>
	</datafield>
	<datafield ind1=" " ind2=" " tag="500">
		<subfield code="a">Part of the Arabic Collections Online (ACO) project, contributed by Columbia University Libraries.</subfield>
	</datafield>
	<datafield ind1=" " ind2=" " tag="533">
		<subfield code="a">Electronic reproduction.</subfield>
		<subfield code="b">New York, N.Y. :</subfield>
		<subfield code="c">New York University,</subfield>
		<subfield code="d">2016.</subfield>
		<subfield code="5">NNU</subfield>
	</datafield>
	<datafield ind1=" " ind2="0" tag="650">
		<subfield code="a">Sufism</subfield>
		<subfield code="z">Morocco.</subfield>
	</datafield>
	<datafield ind1=" " ind2="0" tag="650">
		<subfield code="a">Sufism.</subfield>
	</datafield>
	<datafield ind1=" " ind2="7" tag="650">
		<subfield code="a">Sufism.</subfield>
		<subfield code="2">fast</subfield>
		<subfield code="0">(OCoLC)fst01137257</subfield>
	</datafield>
	<datafield ind1=" " ind2="7" tag="651">
		<subfield code="a">Morocco.</subfield>
		<subfield code="2">fast</subfield>
		<subfield code="0">(OCoLC)fst01205592</subfield>
	</datafield>
	<datafield ind1="2" ind2=" " tag="710">
		<subfield code="a">Columbia University.</subfield>
		<subfield code="b">Libraries.</subfield>
	</datafield>
	<datafield ind1="0" ind2=" " tag="730">
		<subfield code="a">Arabic Collections Online.</subfield>
	</datafield>
	<datafield ind1=" " ind2=" " tag="752">
		<subfield code="a">Egypt.</subfield>
	</datafield>
	<datafield ind1="0" ind2="8" tag="776">
		<subfield code="i">Print version:</subfield>
		<subfield code="a">Bannānī, Fatḥ Allāh ibn Abī Bakr, 1864 or 1865-1934 or 1935.</subfield>
		<subfield code="t">Kitāb Tuḥfat ahl al-futūḥāt wa-al-adhwāq fī ittikhādh al-subḥah wa-jaʻlihā fī al-aʻnāq wa-baʻḍ al-ādāb al-lāʼiqah bi-al-mukrramīn bi-ṣuḥbat ahl ḥaḍrat al-iṭlāq bi-faḍl al-karīm al-khallāq</subfield>
		<subfield code="w">(NNC)2958176</subfield>
		<subfield code="w">(OCoLC)424937085</subfield>
	</datafield>
	<datafield ind1="4" ind2="0" tag="856">
		<subfield code="u">http://hdl.handle.net/2333.1/9kd51fqb</subfield>
	</datafield>
	<datafield ind1="0" ind2=" " tag="880">
		<subfield code="6">100-01/r</subfield>
		<subfield code="a">بناني، فتح الله بن أبي بكر،,</subfield>
		<subfield code="d">1864 or 1865-1934 or 1935.</subfield>
	</datafield>
	<datafield ind1="1" ind2="0" tag="880">
		<subfield code="6">240-02/r</subfield>
		<subfield code="a">تحفة أهل الفتوحات والأذواق في اتخاذ السبحة وجعلها في الأعناق</subfield>
	</datafield>
	<datafield ind1="1" ind2="0" tag="880">
		<subfield code="6">245-03/r</subfield>
		<subfield code="a">كتاب تحفة أهل الفتوحات والأذواق في اتخاذ السبحة وجعلها في الأعناق وبعض الآداب اللائقة بالمكرمين بصبحة أهل حضرة الاطلاق بفضل الكريم الخلاق /</subfield>
		<subfield code="c">للشيخ فتح الله بن الشيخ سيدي أبي بكر البناني.</subfield>
	</datafield>
	<datafield ind1=" " ind2=" " tag="880">
		<subfield code="6">260-04/r</subfield>
		<subfield code="a">مصر :</subfield>
		<subfield code="b">مطبعة التقدم،</subfield>
		<subfield code="c">1324 [1906]</subfield>
	</datafield>
	<datafield ind1=" " ind2=" " tag="959">
		<subfield code="a">NNU</subfield>
		<subfield code="b">WEB</subfield>
		<subfield code="c">GENI</subfield>
		<subfield code="t">0</subfield>
		<subfield code="m">Electronic access</subfield>
		<subfield code="s">01</subfield>
	</datafield>
	<datafield ind1=" " ind2=" " tag="999">
		<subfield code="i">NNC_2958176</subfield>
		<subfield code="o">(OCoLC)ocn424937085</subfield>
		<subfield code="s">columbia_aco000821</subfield>
	</datafield>
</record>
